<?xml version="1.0" encoding="utf-8"?>
<record xmlns="http://www.loc.gov/MARC21/slim" xmlns:xsi="http://www.w3.org/2001/XMLSchema-instance" xsi:schemaLocation="http://www.loc.gov/MARC21/slim http://www.loc.gov/standards/marcxml/schema/MARC21slim.xsd">
	<leader>     nam a22     Mi 4500</leader>
	<controlfield tag="001">b1237118x</controlfield>
	<controlfield tag="003">LeBAU</controlfield>
	<controlfield tag="006">m        d        </controlfield>
	<controlfield tag="007">cr cn |||m|||a</controlfield>
	<controlfield tag="008">181218s1932    ua      o     ||0 0 ara d</controlfield>
	<datafield ind1=" " ind2=" " tag="040">
		<subfield code="a">ZYU</subfield>
		<subfield code="b">ara</subfield>
		<subfield code="e">rda</subfield>
		<subfield code="c">ZYU</subfield>
	</datafield>
	<datafield ind1="0" ind2="4" tag="082">
		<subfield code="a">297.207</subfield>
		<subfield code="2">20</subfield>
	</datafield>
	<datafield ind1="1" ind2=" " tag="100">
		<subfield code="6">880-01</subfield>
		<subfield code="a">Makhlūf, Muḥammad Ḥasanayn,</subfield>
		<subfield code="e">author.</subfield>
	</datafield>
	<datafield ind1="1" ind2="0" tag="245">
		<subfield code="6">880-02</subfield>
		<subfield code="a">al-Madkhal al-Munīr fī muqaddimat ʻilm al-tafsīr ;</subfield>
		<subfield code="b">wa-yalīhi khātimah fī al-farq bayna tafsīr al-Qurʼān bi-ghayr lughatihi wa-bayna tarjamatihi /</subfield>
		<subfield code="c">taʼlīf ṣāḥib al-faḍīlah al-ustādh al-Shaykh Muḥammad Ḥasanayn Makhlūf al-ʻAdawī al-Mālikī, wakīl mashyakhat al-Azhar wa-mudīr al-maʻāhid al-dīnīyah sābiqan.</subfield>
	</datafield>
	<datafield ind1=" " ind2="1" tag="264">
		<subfield code="6">880-03</subfield>
		<subfield code="a">al-Qāhirah :</subfield>
		<subfield code="b">Maṭbaʻat al-Maʻāhid,</subfield>
		<subfield code="c">1351 [H.], [1932? M.]</subfield>
	</datafield>
	<datafield ind1=" " ind2=" " tag="300">
		<subfield code="6">880-04</subfield>
		<subfield code="a">online resource (56 pages)</subfield>
	</datafield>
	<datafield ind1=" " ind2=" " tag="336">
		<subfield code="a">text</subfield>
		<subfield code="2">rdacontent</subfield>
	</datafield>
	<datafield ind1=" " ind2=" " tag="337">
		<subfield code="a">computer</subfield>
		<subfield code="2">rdamedia</subfield>
	</datafield>
	<datafield ind1=" " ind2=" " tag="338">
		<subfield code="a">online resource</subfield>
		<subfield code="2">rdacarrier</subfield>
	</datafield>
	<datafield ind1=" " ind2=" " tag="500">
		<subfield code="a">Part of the Arabic Collections Online (ACO) project, contributed by American University of Beirut's Jafet Memorial Library.</subfield>
	</datafield>
	<datafield ind1=" " ind2=" " tag="533">
		<subfield code="a">Electronic reproduction.</subfield>
		<subfield code="b">New York, N.Y. :</subfield>
		<subfield code="c">New York University,</subfield>
		<subfield code="d">2018.</subfield>
		<subfield code="5">NNU</subfield>
	</datafield>
	<datafield ind1="0" ind2="4" tag="630">
		<subfield code="a">قرآن</subfield>
		<subfield code="x">تفسير وتأويل.</subfield>
	</datafield>
	<datafield ind1="0" ind2="4" tag="630">
		<subfield code="a">قرآن</subfield>
		<subfield code="x">ترجمة.</subfield>
	</datafield>
	<datafield ind1="0" ind2="0" tag="630">
		<subfield code="a">Qur'an</subfield>
		<subfield code="x">Hermeneutics.</subfield>
	</datafield>
	<datafield ind1="0" ind2="0" tag="630">
		<subfield code="a">Qur'an</subfield>
		<subfield code="x">Translating.</subfield>
	</datafield>
	<datafield ind1="1" ind2="2" tag="700">
		<subfield code="6">880-05</subfield>
		<subfield code="a">Makhlūf, Muḥammad Ḥasanayn.</subfield>
		<subfield code="t">Farq bayna tafsīr al-Qurʼān bi-ghayr lughatihi wa-bayna tarjamatihi.</subfield>
	</datafield>
	<datafield ind1="2" ind2=" " tag="710">
		<subfield code="a">Jafet Memorial Library.</subfield>
	</datafield>
	<datafield ind1="0" ind2=" " tag="730">
		<subfield code="a">Arabic Collections Online.</subfield>
	</datafield>
	<datafield ind1="0" ind2="8" tag="776">
		<subfield code="i">Print version:</subfield>
		<subfield code="a">Makhlūf, Muḥammad Ḥasanayn, author.</subfield>
		<subfield code="t">al-Madkhal al-Munīr fī muqaddimat ʻilm al-tafsīr ;</subfield>
		<subfield code="w">(LeBAU)b1237118x</subfield>
	</datafield>
	<datafield ind1="4" ind2="0" tag="856">
		<subfield code="u">http://hdl.handle.net/2333.1/qv9s4v5m</subfield>
	</datafield>
	<datafield ind1="1" ind2=" " tag="880">
		<subfield code="6">100-01</subfield>
		<subfield code="a">مخلوف، محمد حسنين،</subfield>
		<subfield code="e">مؤلف. </subfield>
		<subfield code="4">aut.</subfield>
	</datafield>
	<datafield ind1=" " ind2="1" tag="880">
		<subfield code="6">264-03</subfield>
		<subfield code="a">القاهرة :</subfield>
		<subfield code="b">مطبعة المعاهد،</subfield>
		<subfield code="c">1351 [هـ.]، [1932؟ م.]</subfield>
	</datafield>
	<datafield ind1="1" ind2="3" tag="880">
		<subfield code="6">245-02</subfield>
		<subfield code="a">المدخل المنير في مقدمة علم التفسير ؛</subfield>
		<subfield code="b">ويليه خاتمة في الفرق بين تفسير القرآن بغير لغته وبين ترجمته /</subfield>
		<subfield code="c">تأليف صاحب الفضيلة الأستاذ الشيخ محمد حسنين مخلوف العدوي المالكي، وكيل مشيخة الأزهر ومدير المعاهد الدينية سابقاً.</subfield>
	</datafield>
	<datafield ind1=" " ind2=" " tag="880">
		<subfield code="6">300-04</subfield>
		<subfield code="a">56 صفحة ؛</subfield>
		<subfield code="c">20 سم</subfield>
	</datafield>
	<datafield ind1="1" ind2="2" tag="880">
		<subfield code="6">700-05</subfield>
		<subfield code="a">مخلوف، محمد حسنين.</subfield>
		<subfield code="t">الفرق بين تفسير القرآن بغير لغته وبين ترجمته.</subfield>
	</datafield>
	<datafield ind1=" " ind2=" " tag="959">
		<subfield code="a">NNU</subfield>
		<subfield code="b">WEB</subfield>
		<subfield code="c">GENI</subfield>
		<subfield code="t">0</subfield>
		<subfield code="m">Electronic access</subfield>
		<subfield code="s">01</subfield>
	</datafield>
	<datafield ind1=" " ind2=" " tag="999">
		<subfield code="i">LeBAU_b1237118x</subfield>
		<subfield code="s">aub_aco002343</subfield>
		<subfield code="e">(ERROR-MISC)</subfield>
	</datafield>
</record>
